<?xml version="1.0" encoding="utf-8"?>
<record xmlns="http://www.loc.gov/MARC21/slim" xmlns:xsi="http://www.w3.org/2001/XMLSchema-instance" xsi:schemaLocation="http://www.loc.gov/MARC21/slim http://www.loc.gov/standards/marcxml/schema/MARC21slim.xsd">
	<leader>
		03614nam a2200445   4500
	</leader>
	<controlfield tag="001">
		3760816
	</controlfield>
	<controlfield tag="003">
		NIC
	</controlfield>
	<controlfield tag="006">
		m        d        
	</controlfield>
	<controlfield tag="007">
		cr cn |||m|||a
	</controlfield>
	<controlfield tag="008">
		160224s1939    ua      ob    000 0 arar 
	</controlfield>
	<datafield ind1=" " ind2=" " tag="040">
		<subfield code="a">
			NNU
		</subfield>
		<subfield code="b">
			eng
		</subfield>
		<subfield code="e">
			rda
		</subfield>
		<subfield code="c">
			NNU
		</subfield>
	</datafield>
	<datafield ind1=" " ind2=" " tag="043">
		<subfield code="a">
			a-ye---
		</subfield>
	</datafield>
	<datafield ind1="0" ind2="4" tag="050">
		<subfield code="a">
			DS247.Y47
		</subfield>
		<subfield code="b">
			A75 1939
		</subfield>
	</datafield>
	<datafield ind1="1" ind2=" " tag="100">
		<subfield code="6">
			880-01
		</subfield>
		<subfield code="a">
			ʻArshī, Ḥusayn ibn Aḥmad.
		</subfield>
	</datafield>
	<datafield ind1="1" ind2="0" tag="245">
		<subfield code="6">
			880-02
		</subfield>
		<subfield code="a">
			Kitāb bulūgh al-marām fī sharḥ misk al-khiṭām fī man tawallá malik al-Yaman min malik wa-imām,
		</subfield>
		<subfield code="c">
			taʼlīf Ḥusayn ibn Aḥmad al-ʻArshī, wa-qad khatama ḥawādithahu fī sanat 1318 H. / 1900 M. ʼUniya bi-nashrihi Anastās Mārī al-Kirmilī, fa-awṣala ḥawādithahu ilá akhir shahr Rabīʻ al-awwal 1358 lil-Hijrah al-muwāfiq li-muntaṣaf Ayyār (Māyū) sanat 1939 lil-milād.
		</subfield>
	</datafield>
	<datafield ind1="3" ind2=" " tag="246">
		<subfield code="a">
			Bulūgh al-marām fī sharḥ misk al-khitām
		</subfield>
	</datafield>
	<datafield ind1=" " ind2=" " tag="260">
		<subfield code="6">
			880-03
		</subfield>
		<subfield code="a">
			al-Qāhirah :
		</subfield>
		<subfield code="b">
			Ṭubiʻa fī Maṭbaʻat al-Birtīrī,
		</subfield>
		<subfield code="c">
			1939.
		</subfield>
	</datafield>
	<datafield ind1=" " ind2=" " tag="300">
		<subfield code="a">
			online resource (4, 442 pages)
		</subfield>
	</datafield>
	<datafield ind1=" " ind2=" " tag="336">
		<subfield code="a">
			text
		</subfield>
		<subfield code="2">
			rdacontent
		</subfield>
	</datafield>
	<datafield ind1=" " ind2=" " tag="337">
		<subfield code="a">
			computer
		</subfield>
		<subfield code="2">
			rdamedia
		</subfield>
	</datafield>
	<datafield ind1=" " ind2=" " tag="338">
		<subfield code="a">
			online resource
		</subfield>
		<subfield code="2">
			rdacarrier
		</subfield>
	</datafield>
	<datafield ind1=" " ind2=" " tag="500">
		<subfield code="a">
			Added t.p.: Bulugh al-maram fi sharh misk al-khitam fi man tawalla mulk al-Yemen min melik wa-imam; ou, Le but atteint en étudiant le commentaire de la poésie historique des rois et imams de l'Yémen, par Hussein ibn Ahmed al Archiy, jusqu'à l'an 1318 de l'hégire (1900) Ouvrage complété jusqu'à la mi-juin 1939 et enrichi de notes lexicographiques, scientifiques et littéraires par le P. Anastase-Marie de St-Élie.
		</subfield>
	</datafield>
	<datafield ind1=" " ind2=" " tag="500">
		<subfield code="a">
			Part of the Arabic Collections Online (ACO) project, contributed by Cornell University Libraries.
		</subfield>
	</datafield>
	<datafield ind1=" " ind2=" " tag="504">
		<subfield code="a">
			Includes bibliographical references (pages 318-320).
		</subfield>
	</datafield>
	<datafield ind1=" " ind2=" " tag="533">
		<subfield code="a">
			Electronic reproduction.
		</subfield>
		<subfield code="b">
			New York, N.Y. :
		</subfield>
		<subfield code="c">
			New York University,
		</subfield>
		<subfield code="d">
			2016.
		</subfield>
		<subfield code="5">
			NNU
		</subfield>
	</datafield>
	<datafield ind1=" " ind2="0" tag="651">
		<subfield code="a">
			Yemen (Republic)
		</subfield>
		<subfield code="x">
			History.
		</subfield>
	</datafield>
	<datafield ind1=" " ind2="7" tag="651">
		<subfield code="a">
			Yemen (Republic)
		</subfield>
		<subfield code="2">
			fast
		</subfield>
		<subfield code="0">
			(OCoLC)fst01309629
		</subfield>
	</datafield>
	<datafield ind1=" " ind2="7" tag="655">
		<subfield code="a">
			History.
		</subfield>
		<subfield code="2">
			fast
		</subfield>
		<subfield code="0">
			(OCoLC)fst01411628
		</subfield>
	</datafield>
	<datafield ind1="1" ind2=" " tag="700">
		<subfield code="6">
			880-04
		</subfield>
		<subfield code="a">
			Anistās Mārī,
		</subfield>
		<subfield code="c">
			al-Karmilī, ab,
		</subfield>
		<subfield code="d">
			1866-1947.
		</subfield>
	</datafield>
	<datafield ind1="2" ind2=" " tag="710">
		<subfield code="a">
			Cornell University.
		</subfield>
		<subfield code="b">
			Libraries.
		</subfield>
	</datafield>
	<datafield ind1="0" ind2=" " tag="730">
		<subfield code="a">
			Arabic Collections Online.
		</subfield>
	</datafield>
	<datafield ind1="0" ind2="8" tag="776">
		<subfield code="i">
			Online version:
		</subfield>
		<subfield code="a">
			ʻArshī, Ḥusayn ibn Aḥmad.
		</subfield>
		<subfield code="t">
			Kitāb bulūgh al-marām fī sharḥ misk al-khiṭām fī man tawallá malik al-Yaman min malik wa-imām.
		</subfield>
		<subfield code="d">
			al-Qāhirah, ṭubiʻa fī Maṭbaʻat al-Birtīrī, yubāʻu fī Maktabat Lūwīs Sarkīs, 1939
		</subfield>
		<subfield code="w">
			(OCoLC)609902000
		</subfield>
	</datafield>
	<datafield ind1="0" ind2="8" tag="776">
		<subfield code="i">
			Print version:
		</subfield>
		<subfield code="a">
			ʻArshī, Ḥusayn ibn Aḥmad.
		</subfield>
		<subfield code="t">
			Kitāb bulūgh al-marām fī sharḥ misk al-khiṭām fī man tawallá malik al-Yaman min malik wa-imām
		</subfield>
		<subfield code="w">
			(NIC)3760816
		</subfield>
		<subfield code="w">
			(DLC)   60025488 
		</subfield>
		<subfield code="w">
			(OCoLC)22365985
		</subfield>
	</datafield>
	<datafield ind1="4" ind2="0" tag="856">
		<subfield code="u">
			http://hdl.handle.net/2333.1/4qrfj9z1
		</subfield>
	</datafield>
	<datafield ind1="1" ind2=" " tag="880">
		<subfield code="6">
			100-01/r
		</subfield>
		<subfield code="a">
			عرشي، حسين ابن ٱحمد.
		</subfield>
	</datafield>
	<datafield ind1="1" ind2="0" tag="880">
		<subfield code="6">
			245-02/r
		</subfield>
		<subfield code="a">
			كتاب بلوغ المرام في شرح مسك الختام في من تولى ملك اليمن من ملك و امام /
		</subfield>
		<subfield code="c">
			تٱليف حسين ٱحمد العرشي، و قد ختم حوادثه في سنة ١٣١٨ ه.، ١٩٠٠ م ؛ عني بنسره ٱنستاس مارى الكرملي، فاوصل حوادثه الى اخر شهر ربيع الاول ١٣٥٨ للهجرة الموافق لمنتصف ايار[مايو] سنة ١٩١٩ للملاد.
		</subfield>
	</datafield>
	<datafield ind1=" " ind2=" " tag="880">
		<subfield code="6">
			260-03/r
		</subfield>
		<subfield code="a">
			القاهرة :
		</subfield>
		<subfield code="b">
			طبع في مطبعة البرتيري،
		</subfield>
		<subfield code="c">
			1939. 
		</subfield>
	</datafield>
	<datafield ind1="1" ind2=" " tag="880">
		<subfield code="6">
			700-04/r
		</subfield>
		<subfield code="a">
			انستاس ماري،
		</subfield>
		<subfield code="c">
			الكرملي، اب،
		</subfield>
		<subfield code="d">
			1866-1947.
		</subfield>
	</datafield>
	<datafield ind1=" " ind2=" " tag="959">
		<subfield code="a">
			NNU
		</subfield>
		<subfield code="b">
			WEB
		</subfield>
		<subfield code="c">
			GENI
		</subfield>
		<subfield code="t">
			0
		</subfield>
		<subfield code="m">
			Electronic access
		</subfield>
		<subfield code="s">
			01
		</subfield>
	</datafield>
	<datafield ind1=" " ind2=" " tag="999">
		<subfield code="i">
			NIC_3760816
		</subfield>
		<subfield code="o">
			(OCoLC)ocm22365985
		</subfield>
		<subfield code="s">
			cornell_aco000408
		</subfield>
		<subfield code="e">
			(ERROR-880)
		</subfield>
		<subfield code="s">
			cornell_aco000408
		</subfield>
	</datafield>
</record>
